@manual{fhs,
  title={Filesystem Hierarchy Standard},
  organization={Filesystem Hierarchy Standard Group},
  note="\url{http://pathname.com/fhs/pub/fhs-2.3.pdf}"
}